<?xml version="1.0" encoding="UTF-8"?><collection xmlns="http://www.loc.gov/MARC21/slim"><record><leader>00427nam--2200169-u-4500</leader><controlfield tag="001">000055870</controlfield><controlfield tag="002">20161230</controlfield><controlfield tag="005">20161230201052</controlfield><controlfield tag="008">130813s1000------------r-----000-0-eng-d</controlfield><datafield ind1=" " ind2=" " tag="040"><subfield code="a">IFIN-HH</subfield></datafield><datafield ind1=" " ind2=" " tag="080"><subfield code="a">519.4:539.18:539.:19:54</subfield></datafield><datafield ind1="1" ind2=" " tag="100"><subfield code="a">Mcmillan, Juan A</subfield></datafield><datafield ind1="1" ind2="0" tag="245"><subfield code="a">Group theory</subfield><subfield code="c">Juan a. mcmillan</subfield></datafield><datafield ind1=" " ind2=" " tag="260"><subfield code="a">/F.Loc.</subfield><subfield code="b">/F.Ed.</subfield><subfield code="c">/F.An</subfield></datafield><datafield ind1=" " ind2=" " tag="300"><subfield code="a">/PAG.DIF.</subfield></datafield><datafield ind1=" " ind2=" " tag="852"><subfield code="a">37633</subfield><subfield code="c">519.4/5</subfield></datafield><datafield ind1=" " ind2=" " tag="CAT"><subfield code="a">Sys</subfield><subfield code="c">20130813</subfield><subfield code="h">102319</subfield></datafield></record></collection>